<?xml version="1.0" encoding="UTF-8"?><collection xmlns="http://www.loc.gov/MARC21/slim"><record><leader>00568nam--2200205-u-4500</leader><controlfield tag="001">000053389</controlfield><controlfield tag="002">20161230</controlfield><controlfield tag="005">20161230201051</controlfield><controlfield tag="008">110323s1000------------r-----000-0-eng-d</controlfield><datafield ind1=" " ind2=" " tag="020"><subfield code="a">354044033x</subfield></datafield><datafield ind1=" " ind2=" " tag="040"><subfield code="a">IFIN-HH</subfield></datafield><datafield ind1=" " ind2=" " tag="080"><subfield code="a">530.1:140.8:539:523:530:531.111:530.14</subfield></datafield><datafield ind1="1" ind2=" " tag="100"><subfield code="a">Castell, Lutz</subfield></datafield><datafield ind1="1" ind2="0" tag="245"><subfield code="a">Time, quantum and information</subfield><subfield code="c">Lutz castell; otfried ischebeck (eds.)</subfield></datafield><datafield ind1=" " ind2=" " tag="260"><subfield code="a">Berlin</subfield><subfield code="b">Springer</subfield><subfield code="c">2003</subfield></datafield><datafield ind1=" " ind2=" " tag="300"><subfield code="a">454P</subfield></datafield><datafield ind1=" " ind2="4" tag="650"><subfield code="a">Quantum Theory</subfield></datafield><datafield ind1="1" ind2=" " tag="700"><subfield code="a">Ischebeck, Otfried</subfield><subfield code="e">Ed</subfield></datafield><datafield ind1=" " ind2=" " tag="852"><subfield code="a">81702</subfield><subfield code="c">530.1</subfield></datafield><datafield ind1=" " ind2=" " tag="CAT"><subfield code="a">Sys</subfield><subfield code="c">20110323</subfield><subfield code="h">145425</subfield></datafield></record></collection>